@article{historicalnotes,
  title={Source separation: from dusk till dawn},
  author={Taleb, Anisse},
  journal={Proceedings of Independent Component Analysis (ICA 2000)},
  address={Helsinki, Finland},
  year={2000},
language = {latin}
}

@book{nocedal2006numerical,
  title={Numerical optimization},
  author={Nocedal, Jorge and Wright, Stephen},
  year={2006},
  publisher={Springer Science \& Business Media}
}

@inproceedings{machanick1998design,
  title={Design of a scalable video on demand architecture},
  author={Machanick, Philip},
  crossref={saicsit98},
  pages={211--217},
}

@article{ICAbook,
  title={Independent component analysis: algorithms and applications},
  author={Hyv{\"a}rinen, Aapo and Oja, Erkki},
  journal={Neural networks},
  volume={13},
  number={4-5},
  pages={411--430},
  year={2000},
  publisher={Elsevier}
}
@article{pnl,
  title={Identifiability of post-nonlinear mixtures},
  author={Achard, Sophie and Jutten, Christian},
  journal={IEEE Signal Processing Letters},
  volume={12},
  number={5},
  pages={423--426},
  year={2005},
  publisher={IEEE}
}

@inproceedings{LQBSS,
  title={An overview of blind source separation methods for linear-quadratic and post-nonlinear mixtures},
  author={Deville, Yannick and Duarte, Leonardo Tomazeli},
  booktitle={International Conference on Latent Variable Analysis and Signal Separation},
  pages={155--167},
  year={2015},
  organization={Springer}
}

@inproceedings{zhang2009identifiability,
  title={On the identifiability of the post-nonlinear causal model},
  author={Zhang, Kun and Hyv{\"a}rinen, Aapo},
  booktitle={Proceedings of the twenty-fifth conference on uncertainty in artificial intelligence},
  pages={647--655},
  year={2009},
  organization={AUAI Press}
}

@incollection{HSIC,
title = {Kernel Measures of Independence for non-iid Data},
author = {Zhang, Xinhua and Song, Le and Gretton, Arthur and Alex J. Smola},
booktitle = {Advances in Neural Information Processing Systems 21},
year = {2009},
publisher = {Curran Associates, Inc.},
}

@article{harmeling2003kernel,
	title={Kernel-based nonlinear blind source separation},
	author={Harmeling, Stefan and Ziehe, Andreas and Kawanabe, Motoaki and M{\"u}ller, Klaus-Robert},
	journal={Neural Computation},
	volume={15},
	number={5},
	pages={1089--1124},
	year={2003},
	publisher={MIT Press}
}
@book{comon2010handbook,
	title={Nonlinear Mixtures in Handbook of Blind Source Separation: Independent component analysis and applications},
	author={Ch. Jutten and M. Babaie-Zadeh and J. Karhunen},
	year={2010},
	publisher={Academic press}
}
@article{PCL,
	title={Nonlinear {ICA} of temporally dependent stationary sources},
        author={Aapo Hyvarinen and Hiroshi Morioka},
	year={2017},
	journal={20th International Conference on Artificial Intelligence and Statistics (AISTAT)}
}
@article{TCL,
  title={Unsupervised feature extraction by time-contrastive learning and nonlinear ICA},
  author={Hyvarinen, Aapo and Morioka, Hiroshi},
  journal={Advances in Neural Information Processing Systems},
  pages={3765--3773},
  year={2016}
}

@article{newHyva,
  title={Nonlinear ICA using auxiliary variables and generalized contrastive learning},
  author={Hyvarinen, Aapo and Sasaki, Hiroaki and Turner, Richard E},
  journal={arXiv preprint arXiv:1805.08651},
  year={2018}
}

@article{ehsandoust,
  title={Blind source separation in nonlinear mixtures: separability and a basic algorithm},
  author={Ehsandoust, Bahram and Babaie-Zadeh, Massoud and Rivet, Bertrand and Jutten, Christian},
  journal={IEEE Transactions on Signal Processing},
  volume={65},
  number={16},
  pages={4339--4352},
  year={2017},
  publisher={IEEE}
}

@article{skitovich,
   title={Linear forms of independent random variables and the normal distribution law},
   author={V. P. Skitovich},
   journal={Izvestiya Akademii Nauk SSSR. Seriya Matematiceskaya},
   volume={18},
   pages={185-200},
   year={1954}
}

@article{darmois,
   title={Analyse des liaisons de probabilitÂ´ e},
   author={G. Darmois},
   journal={in Proceeding Intern. Stat. conference},
   volume={3},
   pages={231},
   year={1951}
}

@article{newdarmois,
  title={Darmois-Skitovic theorem and its proof},
  author={Babaie-Zadeh, Massoud},
  year={2002}
}


@article{babaie2005general,
	title={A general approach for mutual information minimization and its application to blind source separation},
	author={M. Babaie-Zadeh and Ch. Jutten},
	journal={Signal Processing},
	volume={85},
	number={5},
	pages={975--995},
	year={2005},
	publisher={Elsevier}
}
@phdthesis{mbzadehthesis,
  title={On blind source separation in convolutive and nonlinear mixtures},
  year={2002},
  author={Babaie-Zadeh, Massoud}
}

@article{hyvarinen2000independent,
  title={Independent component analysis: algorithms and applications},
  author={Hyv{\"a}rinen, Aapo and Oja, Erkki},
  journal={Neural networks},
  volume={13},
  number={4-5},
  pages={411--430},
  year={2000},
  publisher={Elsevier}
}

@article{podosinnikova2019overcomplete,
  title={Overcomplete Independent Component Analysis via SDP},
  author={Podosinnikova, Anastasia and Perry, Amelia and Wein, Alexander and Bach, Francis and d'Aspremont, Alexandre and Sontag, David},
  journal={arXiv preprint arXiv:1901.08334},
  year={2019}
}

@article{shahram,
  title={On the separability of nonlinear mixtures of temporally correlated sources},
  author={Hosseini, Shahram and Jutten, Christian},
  journal={IEEE signal processing letters},
  volume={10},
  number={2},
  pages={43--46},
  year={2003},
  publisher={IEEE}
}
@inproceedings{NCE,
  title={Noise-contrastive estimation: A new estimation principle for unnormalized statistical models},
  author={Gutmann, Michael and Hyv{\"a}rinen, Aapo},
  booktitle={Proceedings of the Thirteenth International Conference on Artificial Intelligence and Statistics},
  pages={297--304},
  year={2010}
}
@book{wasserman,
author = {Wasserman, Larry},
title = {All of Statistics: A Concise Course in Statistical Inference},
year = {2010},
isbn = {1441923225},
publisher = {Springer Publishing Company, Incorporated}
}
@book{comon2010handbook,
  title={Handbook of Blind Source Separation: Independent component analysis and applications},
  author={Comon, Pierre and Jutten, Christian},
 }

@book{cover,
author = {Cover, Thomas M. and Thomas, Joy A.},
title = {Elements of Information Theory (Wiley Series in Telecommunications and Signal Processing)},
year = {2006},
isbn = {0471241954},
publisher = {Wiley-Interscience},
address = {USA}
}
  year={2010},
  publisher={Academic press}
}
@book{wainwright_2019, place={Cambridge}, series={Cambridge Series in Statistical and Probabilistic Mathematics}, title={High-Dimensional Statistics: A Non-Asymptotic Viewpoint}, DOI={10.1017/9781108627771}, publisher={Cambridge University Press}, author={Wainwright, Martin J.}, year={2019}, collection={Cambridge Series in Statistical and Probabilistic Mathematics}}
